
   <marc:record>
      <marc:leader>     cam a22        4500</marc:leader>
      <marc:controlfield tag="001">027018784</marc:controlfield>
      <marc:controlfield tag="003">DE-576</marc:controlfield>
      <marc:controlfield tag="005">20201007204420.0</marc:controlfield>
      <marc:controlfield tag="007">tu</marc:controlfield>
      <marc:controlfield tag="008">920122s1983    xx |||||      00| ||ger c</marc:controlfield>
      <marc:datafield tag="015" ind1=" " ind2=" ">
         <marc:subfield code="a">86,B02,0780</marc:subfield>
         <marc:subfield code="2">dnb</marc:subfield>
      </marc:datafield>
      <marc:datafield tag="016" ind1="7" ind2=" ">
         <marc:subfield code="a">860031489</marc:subfield>
         <marc:subfield code="2">DE-101</marc:subfield>
      </marc:datafield>
      <marc:datafield tag="035" ind1=" " ind2=" ">
         <marc:subfield code="a">(DE-627)1097018784</marc:subfield>
      </marc:datafield>
      <marc:datafield tag="035" ind1=" " ind2=" ">
         <marc:subfield code="a">(DE-576)027018784</marc:subfield>
      </marc:datafield>
      <marc:datafield tag="035" ind1=" " ind2=" ">
         <marc:subfield code="a">(DE-599)DNB860031489</marc:subfield>
      </marc:datafield>
      <marc:datafield tag="035" ind1=" " ind2=" ">
         <marc:subfield code="a">(OCoLC)74723580</marc:subfield>
      </marc:datafield>
      <marc:datafield tag="035" ind1=" " ind2=" ">
         <marc:subfield code="a">(OCoLC)1071078181</marc:subfield>
      </marc:datafield>
      <marc:datafield tag="040" ind1=" " ind2=" ">
         <marc:subfield code="a">DE-576</marc:subfield>
         <marc:subfield code="b">ger</marc:subfield>
         <marc:subfield code="c">DE-576</marc:subfield>
         <marc:subfield code="e">rakwb</marc:subfield>
      </marc:datafield>
      <marc:datafield tag="041" ind1=" " ind2=" ">
         <marc:subfield code="a">ger</marc:subfield>
      </marc:datafield>
      <marc:datafield tag="084" ind1=" " ind2=" ">
         <marc:subfield code="a">ZY 5064</marc:subfield>
         <marc:subfield code="2">rvk</marc:subfield>
         <marc:subfield code="0">(DE-625)rvk/158643:13014</marc:subfield>
      </marc:datafield>
      <marc:datafield tag="100" ind1="1" ind2=" ">
         <marc:subfield code="a">Brunner, Wolfgang</marc:subfield>
         <marc:subfield code="0">(DE-627)1230457682</marc:subfield>
         <marc:subfield code="0">(DE-576)160457688</marc:subfield>
         <marc:subfield code="4">aut</marc:subfield>
      </marc:datafield>
      <marc:datafield tag="245" ind1="1" ind2="0">
         <marc:subfield code="a">Höfischer Tanz um 1500</marc:subfield>
         <marc:subfield code="b">unter bes. Berücksichtigung des Bassedanse</marc:subfield>
         <marc:subfield code="c">Wolfgang Brunner. [Dt. Bundesverb. Tanz e.V.]</marc:subfield>
      </marc:datafield>
      <marc:datafield tag="264" ind1=" " ind2="1">
         <marc:subfield code="a">Berlin</marc:subfield>
         <marc:subfield code="b">Dt. Bundesverband Tanz</marc:subfield>
         <marc:subfield code="c">1983</marc:subfield>
      </marc:datafield>
      <marc:datafield tag="300" ind1=" " ind2=" ">
         <marc:subfield code="a">82 S.</marc:subfield>
         <marc:subfield code="b">Ill., Noten</marc:subfield>
      </marc:datafield>
      <marc:datafield tag="336" ind1=" " ind2=" ">
         <marc:subfield code="a">Text</marc:subfield>
         <marc:subfield code="b">txt</marc:subfield>
         <marc:subfield code="2">rdacontent</marc:subfield>
      </marc:datafield>
      <marc:datafield tag="337" ind1=" " ind2=" ">
         <marc:subfield code="a">ohne Hilfsmittel zu benutzen</marc:subfield>
         <marc:subfield code="b">n</marc:subfield>
         <marc:subfield code="2">rdamedia</marc:subfield>
      </marc:datafield>
      <marc:datafield tag="338" ind1=" " ind2=" ">
         <marc:subfield code="a">Band</marc:subfield>
         <marc:subfield code="b">nc</marc:subfield>
         <marc:subfield code="2">rdacarrier</marc:subfield>
      </marc:datafield>
      <marc:datafield tag="490" ind1="1" ind2=" ">
         <marc:subfield code="a">Tanzhistorische Studien</marc:subfield>
         <marc:subfield code="v">3</marc:subfield>
      </marc:datafield>
      <marc:datafield tag="490" ind1="1" ind2=" ">
         <marc:subfield code="a">Informationen über Tanz</marc:subfield>
         <marc:subfield code="v">8</marc:subfield>
      </marc:datafield>
      <marc:datafield tag="500" ind1=" " ind2=" ">
         <marc:subfield code="a">Literaturverz</marc:subfield>
      </marc:datafield>
      <marc:datafield tag="591" ind1=" " ind2=" ">
         <marc:subfield code="a">580:FRUB/Sra ; 720 ff. bvb ; IMD-Felder und 1131 maschinell ergänzt (SWB)</marc:subfield>
      </marc:datafield>
      <marc:datafield tag="689" ind1="0" ind2="0">
         <marc:subfield code="D">s</marc:subfield>
         <marc:subfield code="0">(DE-588)4144115-1</marc:subfield>
         <marc:subfield code="0">(DE-627)105600695</marc:subfield>
         <marc:subfield code="0">(DE-576)209731494</marc:subfield>
         <marc:subfield code="a">Basse danse</marc:subfield>
         <marc:subfield code="2">gnd</marc:subfield>
      </marc:datafield>
      <marc:datafield tag="689" ind1="0" ind2="1">
         <marc:subfield code="A">z</marc:subfield>
         <marc:subfield code="2">gnd</marc:subfield>
         <marc:subfield code="a">Geschichte 1450-1550</marc:subfield>
      </marc:datafield>
      <marc:datafield tag="689" ind1="0" ind2=" ">
         <marc:subfield code="5">(DE-627)</marc:subfield>
      </marc:datafield>
      <marc:datafield tag="689" ind1="1" ind2="0">
         <marc:subfield code="D">s</marc:subfield>
         <marc:subfield code="0">(DE-588)4059028-8</marc:subfield>
         <marc:subfield code="0">(DE-627)106144979</marc:subfield>
         <marc:subfield code="0">(DE-576)209129018</marc:subfield>
         <marc:subfield code="a">Tanz</marc:subfield>
         <marc:subfield code="2">gnd</marc:subfield>
      </marc:datafield>
      <marc:datafield tag="689" ind1="1" ind2="1">
         <marc:subfield code="A">z</marc:subfield>
         <marc:subfield code="2">gnd</marc:subfield>
         <marc:subfield code="a">Geschichte 1450-1550</marc:subfield>
      </marc:datafield>
      <marc:datafield tag="689" ind1="1" ind2=" ">
         <marc:subfield code="5">(DE-627)</marc:subfield>
      </marc:datafield>
      <marc:datafield tag="710" ind1="2" ind2=" ">
         <marc:subfield code="a">Deutscher Bundesverband Tanz</marc:subfield>
         <marc:subfield code="0">(DE-588)2069940-2</marc:subfield>
         <marc:subfield code="0">(DE-627)103715606</marc:subfield>
         <marc:subfield code="0">(DE-576)192144685</marc:subfield>
         <marc:subfield code="4">oth</marc:subfield>
      </marc:datafield>
      <marc:datafield tag="830" ind1=" " ind2="0">
         <marc:subfield code="a">Tanzhistorische Studien</marc:subfield>
         <marc:subfield code="v">3</marc:subfield>
         <marc:subfield code="9">3</marc:subfield>
         <marc:subfield code="w">(DE-627)1097018849</marc:subfield>
         <marc:subfield code="w">(DE-576)027018849</marc:subfield>
      </marc:datafield>
      <marc:datafield tag="830" ind1=" " ind2="0">
         <marc:subfield code="a">Informationen über Tanz</marc:subfield>
         <marc:subfield code="v">8</marc:subfield>
         <marc:subfield code="9">8</marc:subfield>
         <marc:subfield code="w">(DE-627)167875949</marc:subfield>
         <marc:subfield code="w">(DE-576)027019004</marc:subfield>
         <marc:subfield code="w">(DE-600)597521-9</marc:subfield>
      </marc:datafield>
      <marc:datafield tag="936" ind1="r" ind2="v">
         <marc:subfield code="a">ZY 5064</marc:subfield>
         <marc:subfield code="b">Geschichte</marc:subfield>
         <marc:subfield code="k">Sport</marc:subfield>
         <marc:subfield code="k">Sportpraxis</marc:subfield>
         <marc:subfield code="k">Gymnastik, Tanz</marc:subfield>
         <marc:subfield code="k">Tanz</marc:subfield>
         <marc:subfield code="k">Gesellschaftstanz, Tanzsport</marc:subfield>
         <marc:subfield code="k">Geschichte</marc:subfield>
         <marc:subfield code="0">(DE-627)1271724103</marc:subfield>
         <marc:subfield code="0">(DE-625)rvk/158643:13014</marc:subfield>
         <marc:subfield code="0">(DE-576)201724103</marc:subfield>
      </marc:datafield>
      <marc:datafield tag="951" ind1=" " ind2=" ">
         <marc:subfield code="a">BO</marc:subfield>
      </marc:datafield>
   </marc:record>