
   <marc:record>
      <marc:leader>     cam a22     2 a4500</marc:leader>
      <marc:controlfield tag="001">025293125</marc:controlfield>
      <marc:controlfield tag="003">DE-576</marc:controlfield>
      <marc:controlfield tag="005">20170130083022.0</marc:controlfield>
      <marc:controlfield tag="007">tu</marc:controlfield>
      <marc:controlfield tag="008">910815n19uuuuuuxx ||||| c    00| ||ger c</marc:controlfield>
      <marc:datafield tag="015" ind1=" " ind2=" ">
         <marc:subfield code="a">75,A55,0006</marc:subfield>
         <marc:subfield code="2">dnb</marc:subfield>
      </marc:datafield>
      <marc:datafield tag="035" ind1=" " ind2=" ">
         <marc:subfield code="a">(DE-627)1095293125</marc:subfield>
      </marc:datafield>
      <marc:datafield tag="035" ind1=" " ind2=" ">
         <marc:subfield code="a">(DE-576)025293125</marc:subfield>
      </marc:datafield>
      <marc:datafield tag="035" ind1=" " ind2=" ">
         <marc:subfield code="a">(DE-599)BSZ025293125</marc:subfield>
      </marc:datafield>
      <marc:datafield tag="040" ind1=" " ind2=" ">
         <marc:subfield code="a">DE-576</marc:subfield>
         <marc:subfield code="b">ger</marc:subfield>
         <marc:subfield code="c">DE-576</marc:subfield>
         <marc:subfield code="e">rakwb</marc:subfield>
      </marc:datafield>
      <marc:datafield tag="041" ind1=" " ind2=" ">
         <marc:subfield code="a">ger</marc:subfield>
      </marc:datafield>
      <marc:datafield tag="084" ind1=" " ind2=" ">
         <marc:subfield code="a">ET 200</marc:subfield>
         <marc:subfield code="2">rvk</marc:subfield>
         <marc:subfield code="0">(DE-625)rvk/27952:</marc:subfield>
      </marc:datafield>
      <marc:datafield tag="084" ind1=" " ind2=" ">
         <marc:subfield code="a">LP 10500</marc:subfield>
         <marc:subfield code="2">rvk</marc:subfield>
         <marc:subfield code="0">(DE-625)rvk/105884:</marc:subfield>
      </marc:datafield>
      <marc:datafield tag="110" ind1="2" ind2=" ">
         <marc:subfield code="a">Phonogrammarchiv</marc:subfield>
         <marc:subfield code="g">Wien</marc:subfield>
         <marc:subfield code="0">(DE-588)2017727-6</marc:subfield>
         <marc:subfield code="0">(DE-627)101944586</marc:subfield>
         <marc:subfield code="0">(DE-576)191714100</marc:subfield>
         <marc:subfield code="4">aut</marc:subfield>
      </marc:datafield>
      <marc:datafield tag="245" ind1="1" ind2="0">
         <marc:subfield code="a">Katalog der Tonbandaufnahmen des Phonogrammarchives der Österreichischen Akademie der Wissenschaften in Wien</marc:subfield>
      </marc:datafield>
      <marc:datafield tag="264" ind1=" " ind2="1">
         <marc:subfield code="a">Wien</marc:subfield>
         <marc:subfield code="b">Verlag der Österr. Akad. d. Wiss</marc:subfield>
         <marc:subfield code="c">19XX-</marc:subfield>
      </marc:datafield>
      <marc:datafield tag="336" ind1=" " ind2=" ">
         <marc:subfield code="a">Text</marc:subfield>
         <marc:subfield code="b">txt</marc:subfield>
         <marc:subfield code="2">rdacontent</marc:subfield>
      </marc:datafield>
      <marc:datafield tag="337" ind1=" " ind2=" ">
         <marc:subfield code="a">ohne Hilfsmittel zu benutzen</marc:subfield>
         <marc:subfield code="b">n</marc:subfield>
         <marc:subfield code="2">rdamedia</marc:subfield>
      </marc:datafield>
      <marc:datafield tag="338" ind1=" " ind2=" ">
         <marc:subfield code="a">Band</marc:subfield>
         <marc:subfield code="b">nc</marc:subfield>
         <marc:subfield code="2">rdacarrier</marc:subfield>
      </marc:datafield>
      <marc:datafield tag="490" ind1="0" ind2=" ">
         <marc:subfield code="a">Mitteilung der Phonogrammarchivsdirektion / Österreichische Akademie der Wissenschaften</marc:subfield>
         <marc:subfield code="v">...</marc:subfield>
      </marc:datafield>
      <marc:datafield tag="500" ind1=" " ind2=" ">
         <marc:subfield code="a">Frühere Bd. im Böhlau-Verl., Wien, Köln, Graz</marc:subfield>
      </marc:datafield>
      <marc:datafield tag="591" ind1=" " ind2=" ">
         <marc:subfield code="a">580:FRUB/Sra ; 720 ff. bvb ; IMD-Felder und 1131 maschinell ergänzt (SWB)</marc:subfield>
      </marc:datafield>
      <marc:datafield tag="650" ind1=" " ind2="4">
         <marc:subfield code="a">Wien / M. e. Archivwesen</marc:subfield>
      </marc:datafield>
      <marc:datafield tag="650" ind1=" " ind2="4">
         <marc:subfield code="a">Archivinventar / Einz. Orte  Wien / M. e. Archivwesen</marc:subfield>
      </marc:datafield>
      <marc:datafield tag="655" ind1=" " ind2="7">
         <marc:subfield code="a">Katalog</marc:subfield>
         <marc:subfield code="0">(DE-588)4163417-2</marc:subfield>
         <marc:subfield code="0">(DE-627)105454966</marc:subfield>
         <marc:subfield code="0">(DE-576)209880899</marc:subfield>
         <marc:subfield code="2">gnd-content</marc:subfield>
      </marc:datafield>
      <marc:datafield tag="689" ind1="0" ind2="0">
         <marc:subfield code="D">b</marc:subfield>
         <marc:subfield code="0">(DE-588)2017727-6</marc:subfield>
         <marc:subfield code="0">(DE-627)101944586</marc:subfield>
         <marc:subfield code="0">(DE-576)191714100</marc:subfield>
         <marc:subfield code="a">Phonogrammarchiv</marc:subfield>
         <marc:subfield code="g">Wien</marc:subfield>
         <marc:subfield code="2">gnd</marc:subfield>
      </marc:datafield>
      <marc:datafield tag="689" ind1="0" ind2="1">
         <marc:subfield code="D">s</marc:subfield>
         <marc:subfield code="0">(DE-588)4185660-0</marc:subfield>
         <marc:subfield code="0">(DE-627)105285552</marc:subfield>
         <marc:subfield code="0">(DE-576)210033878</marc:subfield>
         <marc:subfield code="a">Tonbandaufzeichnung</marc:subfield>
         <marc:subfield code="2">gnd</marc:subfield>
      </marc:datafield>
      <marc:datafield tag="689" ind1="0" ind2=" ">
         <marc:subfield code="5">(DE-627)</marc:subfield>
      </marc:datafield>
      <marc:datafield tag="936" ind1="r" ind2="v">
         <marc:subfield code="a">ET 200</marc:subfield>
         <marc:subfield code="b">Allgemeines, Gesamtdarst. zu Phonetik und Phonologie</marc:subfield>
         <marc:subfield code="k">Allgemeine und vergleichende Sprach- und Literaturwissenschaft. Indogermanistik. Außereuropäische Sprachen und Literaturen</marc:subfield>
         <marc:subfield code="k">Einzelgebiete der Sprachwissenschaft, Sprachbeschreibung</marc:subfield>
         <marc:subfield code="k">Phonetik und Phonologie</marc:subfield>
         <marc:subfield code="k">Allgemeines, Gesamtdarst. zu Phonetik und Phonologie</marc:subfield>
         <marc:subfield code="0">(DE-627)1270729551</marc:subfield>
         <marc:subfield code="0">(DE-625)rvk/27952:</marc:subfield>
         <marc:subfield code="0">(DE-576)200729551</marc:subfield>
      </marc:datafield>
      <marc:datafield tag="936" ind1="r" ind2="v">
         <marc:subfield code="a">LP 10500</marc:subfield>
         <marc:subfield code="b">Schallplattenkataloge, Diskographien, Kataloge von Phonotheken (alphabet. Ordnung nach Firmen bzw. Körperschaften)</marc:subfield>
         <marc:subfield code="k">Musikwissenschaft</marc:subfield>
         <marc:subfield code="k">I. Musica theoretica</marc:subfield>
         <marc:subfield code="k">Allgemeines</marc:subfield>
         <marc:subfield code="k">Kataloge, Inventare</marc:subfield>
         <marc:subfield code="k">Schallplattenkataloge, Diskographien, Kataloge von Phonotheken (alphabet. Ordnung nach Firmen bzw. Körperschaften)</marc:subfield>
         <marc:subfield code="0">(DE-627)1270708988</marc:subfield>
         <marc:subfield code="0">(DE-625)rvk/105884:</marc:subfield>
         <marc:subfield code="0">(DE-576)200708988</marc:subfield>
      </marc:datafield>
      <marc:datafield tag="951" ind1=" " ind2=" ">
         <marc:subfield code="a">MC</marc:subfield>
      </marc:datafield>
   </marc:record>