
   <marc:record>
      <marc:leader>     cam a22        4500</marc:leader>
      <marc:controlfield tag="001">025159062</marc:controlfield>
      <marc:controlfield tag="003">DE-576</marc:controlfield>
      <marc:controlfield tag="005">20180718123523.0</marc:controlfield>
      <marc:controlfield tag="007">tu</marc:controlfield>
      <marc:controlfield tag="008">910807s1980    xx |||||      00| ||ger c</marc:controlfield>
      <marc:datafield tag="035" ind1=" " ind2=" ">
         <marc:subfield code="a">(DE-627)1095159062</marc:subfield>
      </marc:datafield>
      <marc:datafield tag="035" ind1=" " ind2=" ">
         <marc:subfield code="a">(DE-576)025159062</marc:subfield>
      </marc:datafield>
      <marc:datafield tag="035" ind1=" " ind2=" ">
         <marc:subfield code="a">(DE-599)BSZ025159062</marc:subfield>
      </marc:datafield>
      <marc:datafield tag="035" ind1=" " ind2=" ">
         <marc:subfield code="a">(OCoLC)35035431</marc:subfield>
      </marc:datafield>
      <marc:datafield tag="035" ind1=" " ind2=" ">
         <marc:subfield code="a">(DE-604)8034137807</marc:subfield>
      </marc:datafield>
      <marc:datafield tag="040" ind1=" " ind2=" ">
         <marc:subfield code="a">DE-576</marc:subfield>
         <marc:subfield code="b">ger</marc:subfield>
         <marc:subfield code="c">DE-576</marc:subfield>
         <marc:subfield code="e">rakwb</marc:subfield>
      </marc:datafield>
      <marc:datafield tag="041" ind1=" " ind2=" ">
         <marc:subfield code="a">ger</marc:subfield>
      </marc:datafield>
      <marc:datafield tag="084" ind1=" " ind2=" ">
         <marc:subfield code="a">LC 12285</marc:subfield>
         <marc:subfield code="2">rvk</marc:subfield>
         <marc:subfield code="0">(DE-625)rvk/90621:859</marc:subfield>
      </marc:datafield>
      <marc:datafield tag="084" ind1=" " ind2=" ">
         <marc:subfield code="a">LH 79050</marc:subfield>
         <marc:subfield code="2">rvk</marc:subfield>
         <marc:subfield code="0">(DE-625)rvk/95094:2</marc:subfield>
      </marc:datafield>
      <marc:datafield tag="245" ind1="1" ind2="0">
         <marc:subfield code="a">Rumänien</marc:subfield>
         <marc:subfield code="b">aus dem unvergänglichen Schatz seiner Volkstrachten</marc:subfield>
         <marc:subfield code="c">einl. Darst., Komm. u. Text von Tancred Bănăt̨eanu. Photogr. von Elena Zlotea</marc:subfield>
      </marc:datafield>
      <marc:datafield tag="264" ind1=" " ind2="1">
         <marc:subfield code="a">Bucuresti</marc:subfield>
         <marc:subfield code="b">Ed. Sport-Turism</marc:subfield>
         <marc:subfield code="c">1980</marc:subfield>
      </marc:datafield>
      <marc:datafield tag="300" ind1=" " ind2=" ">
         <marc:subfield code="a">113 S.</marc:subfield>
         <marc:subfield code="b">überwiegend Ill.</marc:subfield>
      </marc:datafield>
      <marc:datafield tag="336" ind1=" " ind2=" ">
         <marc:subfield code="a">Text</marc:subfield>
         <marc:subfield code="b">txt</marc:subfield>
         <marc:subfield code="2">rdacontent</marc:subfield>
      </marc:datafield>
      <marc:datafield tag="337" ind1=" " ind2=" ">
         <marc:subfield code="a">ohne Hilfsmittel zu benutzen</marc:subfield>
         <marc:subfield code="b">n</marc:subfield>
         <marc:subfield code="2">rdamedia</marc:subfield>
      </marc:datafield>
      <marc:datafield tag="338" ind1=" " ind2=" ">
         <marc:subfield code="a">Band</marc:subfield>
         <marc:subfield code="b">nc</marc:subfield>
         <marc:subfield code="2">rdacarrier</marc:subfield>
      </marc:datafield>
      <marc:datafield tag="591" ind1=" " ind2=" ">
         <marc:subfield code="a">580 ff. bvb; 5090:c1zwfh ; IMD-Felder und 1131 maschinell ergänzt (SWB)</marc:subfield>
      </marc:datafield>
      <marc:datafield tag="689" ind1="0" ind2="0">
         <marc:subfield code="D">g</marc:subfield>
         <marc:subfield code="0">(DE-588)4050939-4</marc:subfield>
         <marc:subfield code="0">(DE-627)778808769</marc:subfield>
         <marc:subfield code="0">(DE-576)20909057X</marc:subfield>
         <marc:subfield code="a">Rumänien</marc:subfield>
         <marc:subfield code="2">gnd</marc:subfield>
      </marc:datafield>
      <marc:datafield tag="689" ind1="0" ind2="1">
         <marc:subfield code="D">s</marc:subfield>
         <marc:subfield code="0">(DE-588)4060554-1</marc:subfield>
         <marc:subfield code="0">(DE-627)104443839</marc:subfield>
         <marc:subfield code="0">(DE-576)209135727</marc:subfield>
         <marc:subfield code="a">Tracht</marc:subfield>
         <marc:subfield code="2">gnd</marc:subfield>
      </marc:datafield>
      <marc:datafield tag="689" ind1="0" ind2=" ">
         <marc:subfield code="5">(DE-627)</marc:subfield>
      </marc:datafield>
      <marc:datafield tag="700" ind1="1" ind2=" ">
         <marc:subfield code="a">Bănăţeanu, Tancred</marc:subfield>
         <marc:subfield code="d">1922-1985</marc:subfield>
         <marc:subfield code="0">(DE-588)103240284</marc:subfield>
         <marc:subfield code="0">(DE-627)690631987</marc:subfield>
         <marc:subfield code="0">(DE-576)32187904X</marc:subfield>
         <marc:subfield code="4">oth</marc:subfield>
      </marc:datafield>
      <marc:datafield tag="700" ind1="1" ind2=" ">
         <marc:subfield code="a">Zlotea, Elena</marc:subfield>
         <marc:subfield code="e">Ill.</marc:subfield>
         <marc:subfield code="4">ill</marc:subfield>
      </marc:datafield>
      <marc:datafield tag="936" ind1="r" ind2="v">
         <marc:subfield code="a">LC 12285</marc:subfield>
         <marc:subfield code="b">Rumänien</marc:subfield>
         <marc:subfield code="k">Ethnologie</marc:subfield>
         <marc:subfield code="k">Materielle Kultur und Wirtschaftsethnologie</marc:subfield>
         <marc:subfield code="k">Materielle Kultur und Konsum</marc:subfield>
         <marc:subfield code="k">Kleidung, Tracht, Mode</marc:subfield>
         <marc:subfield code="k">Europa</marc:subfield>
         <marc:subfield code="k">Osteuropa</marc:subfield>
         <marc:subfield code="k">Südosteuropa</marc:subfield>
         <marc:subfield code="k">Rumänien</marc:subfield>
         <marc:subfield code="0">(DE-627)1271870347</marc:subfield>
         <marc:subfield code="0">(DE-625)rvk/90621:859</marc:subfield>
         <marc:subfield code="0">(DE-576)201870347</marc:subfield>
      </marc:datafield>
      <marc:datafield tag="936" ind1="r" ind2="v">
         <marc:subfield code="a">LH 79050</marc:subfield>
         <marc:subfield code="b">allgemein</marc:subfield>
         <marc:subfield code="k">Kunstgeschichte</marc:subfield>
         <marc:subfield code="k">Allgemeines. Allgemeine Kunstgeschichte</marc:subfield>
         <marc:subfield code="k">Kunstgeschichte einzelner Gattungen der Kunst</marc:subfield>
         <marc:subfield code="k">Kunstgewerbe</marc:subfield>
         <marc:subfield code="k">Ordnung nach Gattungen</marc:subfield>
         <marc:subfield code="k">Kleidung, Kostüm und Mode</marc:subfield>
         <marc:subfield code="k">Traditionelle Kleidung, Tracht</marc:subfield>
         <marc:subfield code="k">allgemein</marc:subfield>
         <marc:subfield code="0">(DE-627)127111819X</marc:subfield>
         <marc:subfield code="0">(DE-625)rvk/95094:2</marc:subfield>
         <marc:subfield code="0">(DE-576)20111819X</marc:subfield>
      </marc:datafield>
      <marc:datafield tag="951" ind1=" " ind2=" ">
         <marc:subfield code="a">BO</marc:subfield>
      </marc:datafield>
   </marc:record>