
   <marc:record>
      <marc:leader>     cjm a22        4500</marc:leader>
      <marc:controlfield tag="001">021340447</marc:controlfield>
      <marc:controlfield tag="003">DE-576</marc:controlfield>
      <marc:controlfield tag="005">20180609161206.0</marc:controlfield>
      <marc:controlfield tag="007">sd uuuuuuuuuuu</marc:controlfield>
      <marc:controlfield tag="008">900817s1988    xx ||||| |||| |   | und c</marc:controlfield>
      <marc:datafield tag="028" ind1="5" ind2="2">
         <marc:subfield code="a">AUL 66013</marc:subfield>
      </marc:datafield>
      <marc:datafield tag="035" ind1=" " ind2=" ">
         <marc:subfield code="a">(DE-627)1091340447</marc:subfield>
      </marc:datafield>
      <marc:datafield tag="035" ind1=" " ind2=" ">
         <marc:subfield code="a">(DE-576)021340447</marc:subfield>
      </marc:datafield>
      <marc:datafield tag="035" ind1=" " ind2=" ">
         <marc:subfield code="a">(DE-599)BSZ021340447</marc:subfield>
      </marc:datafield>
      <marc:datafield tag="035" ind1=" " ind2=" ">
         <marc:subfield code="a">(OCoLC)311311300</marc:subfield>
      </marc:datafield>
      <marc:datafield tag="035" ind1=" " ind2=" ">
         <marc:subfield code="a">(OCoLC)1033859298</marc:subfield>
      </marc:datafield>
      <marc:datafield tag="040" ind1=" " ind2=" ">
         <marc:subfield code="a">DE-576</marc:subfield>
         <marc:subfield code="b">ger</marc:subfield>
         <marc:subfield code="c">DE-576</marc:subfield>
         <marc:subfield code="e">rakwb</marc:subfield>
      </marc:datafield>
      <marc:datafield tag="084" ind1=" " ind2=" ">
         <marc:subfield code="a">LX 95900</marc:subfield>
         <marc:subfield code="2">rvk</marc:subfield>
         <marc:subfield code="0">(DE-625)rvk/118944:</marc:subfield>
      </marc:datafield>
      <marc:datafield tag="100" ind1="1" ind2=" ">
         <marc:subfield code="a">Hölszky, Adriana</marc:subfield>
         <marc:subfield code="d">1953-</marc:subfield>
         <marc:subfield code="0">(DE-588)119321173</marc:subfield>
         <marc:subfield code="0">(DE-627)080130259</marc:subfield>
         <marc:subfield code="0">(DE-576)165416696</marc:subfield>
         <marc:subfield code="4">aut</marc:subfield>
      </marc:datafield>
      <marc:datafield tag="240" ind1="1" ind2="4">
         <marc:subfield code="a">... es kamen schwarze Vögel</marc:subfield>
         <marc:subfield code="0">(DE-588)300349076</marc:subfield>
         <marc:subfield code="0">(DE-627)701925051</marc:subfield>
         <marc:subfield code="0">(DE-576)135711940</marc:subfield>
      </marc:datafield>
      <marc:datafield tag="245" ind1="1" ind2="0">
         <marc:subfield code="a">... es kamen schwarze Vögel</marc:subfield>
      </marc:datafield>
      <marc:datafield tag="246" ind1="1" ind2=" ">
         <marc:subfield code="i"> Einheitssacht. des beigef. Werkes</marc:subfield>
         <marc:subfield code="a">Monologe (1977)</marc:subfield>
      </marc:datafield>
      <marc:datafield tag="249" ind1=" " ind2=" ">
         <marc:subfield code="a">Monolog. Vampirabile. Kommentar für Lauren</marc:subfield>
         <marc:subfield code="v">Adriana Hölszky</marc:subfield>
      </marc:datafield>
      <marc:datafield tag="264" ind1=" " ind2="1">
         <marc:subfield code="a">Viersen</marc:subfield>
         <marc:subfield code="b">Aulos-Schallplatten</marc:subfield>
         <marc:subfield code="c">[1988?]</marc:subfield>
      </marc:datafield>
      <marc:datafield tag="300" ind1=" " ind2=" ">
         <marc:subfield code="a">1 Compact-Disc</marc:subfield>
         <marc:subfield code="e">Beih.</marc:subfield>
      </marc:datafield>
      <marc:datafield tag="336" ind1=" " ind2=" ">
         <marc:subfield code="a">aufgeführte Musik</marc:subfield>
         <marc:subfield code="b">prm</marc:subfield>
         <marc:subfield code="2">rdacontent</marc:subfield>
      </marc:datafield>
      <marc:datafield tag="337" ind1=" " ind2=" ">
         <marc:subfield code="a">audio</marc:subfield>
         <marc:subfield code="b">s</marc:subfield>
         <marc:subfield code="2">rdamedia</marc:subfield>
      </marc:datafield>
      <marc:datafield tag="338" ind1=" " ind2=" ">
         <marc:subfield code="a">Audiodisk</marc:subfield>
         <marc:subfield code="b">sd</marc:subfield>
         <marc:subfield code="2">rdacarrier</marc:subfield>
      </marc:datafield>
      <marc:datafield tag="501" ind1=" " ind2=" ">
         <marc:subfield code="a">... es kamen schwarze Vögel [... @es kamen schwarze Vögel]</marc:subfield>
      </marc:datafield>
      <marc:datafield tag="501" ind1=" " ind2=" ">
         <marc:subfield code="a">Monolog [Monologe (1977)]</marc:subfield>
      </marc:datafield>
      <marc:datafield tag="501" ind1=" " ind2=" ">
         <marc:subfield code="a">Vampirabile [Vampirabile]</marc:subfield>
      </marc:datafield>
      <marc:datafield tag="501" ind1=" " ind2=" ">
         <marc:subfield code="a">Kommentar für Lauren [Kommentar für Lauren]</marc:subfield>
      </marc:datafield>
      <marc:datafield tag="511" ind1="0" ind2=" ">
         <marc:subfield code="a">Interpr.: Spohr, Dietburg [Msopr]. Belcanto-Ensemble &lt;Frankfurt, Main&gt;. Staatliche Hochschule für Musik und Darstellende Kunst &lt;Stuttgart&gt; / Instrumentalensemble. Hamary, András [Dir]. - Aufn.: 1986 u. 1988.</marc:subfield>
      </marc:datafield>
      <marc:datafield tag="591" ind1=" " ind2=" ">
         <marc:subfield code="a">IMD-Felder und 1131 maschinell ergänzt (SWB)</marc:subfield>
      </marc:datafield>
      <marc:datafield tag="655" ind1=" " ind2="7">
         <marc:subfield code="a">CD</marc:subfield>
         <marc:subfield code="0">(DE-588)4522869-3</marc:subfield>
         <marc:subfield code="0">(DE-627)251637565</marc:subfield>
         <marc:subfield code="0">(DE-576)213310740</marc:subfield>
         <marc:subfield code="2">gnd-carrier</marc:subfield>
      </marc:datafield>
      <marc:datafield tag="700" ind1="1" ind2="2">
         <marc:subfield code="a">Hölszky, Adriana</marc:subfield>
         <marc:subfield code="d">1953-</marc:subfield>
         <marc:subfield code="t">... es kamen schwarze Vögel</marc:subfield>
         <marc:subfield code="0">(DE-588)300349076</marc:subfield>
         <marc:subfield code="0">(DE-627)701925051</marc:subfield>
         <marc:subfield code="0">(DE-576)135711940</marc:subfield>
      </marc:datafield>
      <marc:datafield tag="700" ind1="1" ind2="2">
         <marc:subfield code="a">Meyer, Ernst Hermann</marc:subfield>
         <marc:subfield code="d">1905-1988</marc:subfield>
         <marc:subfield code="t">Monologe (1977)</marc:subfield>
         <marc:subfield code="0">(DE-588)300229771</marc:subfield>
         <marc:subfield code="0">(DE-627)701807520</marc:subfield>
         <marc:subfield code="0">(DE-576)135594413</marc:subfield>
      </marc:datafield>
      <marc:datafield tag="700" ind1="1" ind2="2">
         <marc:subfield code="a">Hölszky, Adriana</marc:subfield>
         <marc:subfield code="d">1953-</marc:subfield>
         <marc:subfield code="t">Vampirabile</marc:subfield>
         <marc:subfield code="0">(DE-588)300250320</marc:subfield>
         <marc:subfield code="0">(DE-627)701827602</marc:subfield>
         <marc:subfield code="0">(DE-576)13561449X</marc:subfield>
      </marc:datafield>
      <marc:datafield tag="700" ind1="1" ind2="2">
         <marc:subfield code="a">Hölszky, Adriana</marc:subfield>
         <marc:subfield code="d">1953-</marc:subfield>
         <marc:subfield code="t">Kommentar für Lauren</marc:subfield>
         <marc:subfield code="0">(DE-588)300250339</marc:subfield>
         <marc:subfield code="0">(DE-627)701827610</marc:subfield>
         <marc:subfield code="0">(DE-576)135614503</marc:subfield>
      </marc:datafield>
      <marc:datafield tag="700" ind1="1" ind2=" ">
         <marc:subfield code="a">Spohr, Dietburg</marc:subfield>
         <marc:subfield code="d">19XX-</marc:subfield>
         <marc:subfield code="0">(DE-588)134695593</marc:subfield>
         <marc:subfield code="0">(DE-627)575963883</marc:subfield>
         <marc:subfield code="0">(DE-576)16683517X</marc:subfield>
         <marc:subfield code="4">prf</marc:subfield>
      </marc:datafield>
      <marc:datafield tag="700" ind1="1" ind2=" ">
         <marc:subfield code="a">Hamary, András</marc:subfield>
         <marc:subfield code="0">(DE-627)1236835255</marc:subfield>
         <marc:subfield code="0">(DE-576)166835250</marc:subfield>
         <marc:subfield code="4">prf</marc:subfield>
      </marc:datafield>
      <marc:datafield tag="710" ind1="2" ind2=" ">
         <marc:subfield code="a">Belcanto-Ensemble</marc:subfield>
         <marc:subfield code="g">Frankfurt, Main</marc:subfield>
         <marc:subfield code="0">(DE-588)5046538-7</marc:subfield>
         <marc:subfield code="0">(DE-627)103980253</marc:subfield>
         <marc:subfield code="0">(DE-576)19350300X</marc:subfield>
         <marc:subfield code="4">prf</marc:subfield>
      </marc:datafield>
      <marc:datafield tag="710" ind1="2" ind2=" ">
         <marc:subfield code="a">Staatliche Hochschule für Musik und Darstellende Kunst</marc:subfield>
         <marc:subfield code="g">Stuttgart</marc:subfield>
         <marc:subfield code="b">Instrumentalensemble</marc:subfield>
         <marc:subfield code="0">(DE-588)5046539-9</marc:subfield>
         <marc:subfield code="0">(DE-627)10398027X</marc:subfield>
         <marc:subfield code="0">(DE-576)193503018</marc:subfield>
         <marc:subfield code="4">prf</marc:subfield>
      </marc:datafield>
      <marc:datafield tag="935" ind1=" " ind2=" ">
         <marc:subfield code="c">muto</marc:subfield>
      </marc:datafield>
      <marc:datafield tag="935" ind1=" " ind2=" ">
         <marc:subfield code="i">SLoT</marc:subfield>
      </marc:datafield>
      <marc:datafield tag="936" ind1="r" ind2="v">
         <marc:subfield code="a">LX 95900</marc:subfield>
         <marc:subfield code="b">Sonstige (CSN der Person)</marc:subfield>
         <marc:subfield code="k">Musikwissenschaft</marc:subfield>
         <marc:subfield code="k">III. Tonträger</marc:subfield>
         <marc:subfield code="k">Chronologischer Teil: Tonträger</marc:subfield>
         <marc:subfield code="k">20. Jahrhundert und 21. Jahrhundert</marc:subfield>
         <marc:subfield code="k">Einzelne Persönlichkeiten:</marc:subfield>
         <marc:subfield code="k">Sonstige (CSN der Person)</marc:subfield>
         <marc:subfield code="0">(DE-627)1270878727</marc:subfield>
         <marc:subfield code="0">(DE-625)rvk/118944:</marc:subfield>
         <marc:subfield code="0">(DE-576)200878727</marc:subfield>
      </marc:datafield>
      <marc:datafield tag="951" ind1=" " ind2=" ">
         <marc:subfield code="a">BO</marc:subfield>
      </marc:datafield>
   </marc:record>