
   <marc:record>
      <marc:leader>     cam a22        4500</marc:leader>
      <marc:controlfield tag="001">01962235X</marc:controlfield>
      <marc:controlfield tag="003">DE-576</marc:controlfield>
      <marc:controlfield tag="005">20171109165254.0</marc:controlfield>
      <marc:controlfield tag="007">tu</marc:controlfield>
      <marc:controlfield tag="008">900206s1956    xx |||||      00| ||eng c</marc:controlfield>
      <marc:datafield tag="035" ind1=" " ind2=" ">
         <marc:subfield code="a">(DE-627)108962235X</marc:subfield>
      </marc:datafield>
      <marc:datafield tag="035" ind1=" " ind2=" ">
         <marc:subfield code="a">(DE-576)01962235X</marc:subfield>
      </marc:datafield>
      <marc:datafield tag="035" ind1=" " ind2=" ">
         <marc:subfield code="a">(DE-599)BSZ01962235X</marc:subfield>
      </marc:datafield>
      <marc:datafield tag="035" ind1=" " ind2=" ">
         <marc:subfield code="a">(OCoLC)00300595</marc:subfield>
      </marc:datafield>
      <marc:datafield tag="035" ind1=" " ind2=" ">
         <marc:subfield code="a">(DE-604)8028717155</marc:subfield>
      </marc:datafield>
      <marc:datafield tag="040" ind1=" " ind2=" ">
         <marc:subfield code="a">DE-576</marc:subfield>
         <marc:subfield code="b">ger</marc:subfield>
         <marc:subfield code="c">DE-576</marc:subfield>
         <marc:subfield code="e">rakwb</marc:subfield>
      </marc:datafield>
      <marc:datafield tag="041" ind1=" " ind2=" ">
         <marc:subfield code="a">eng</marc:subfield>
      </marc:datafield>
      <marc:datafield tag="084" ind1=" " ind2=" ">
         <marc:subfield code="a">AP 84820</marc:subfield>
         <marc:subfield code="2">rvk</marc:subfield>
         <marc:subfield code="0">(DE-625)rvk/8043:</marc:subfield>
      </marc:datafield>
      <marc:datafield tag="084" ind1=" " ind2=" ">
         <marc:subfield code="a">EX 820</marc:subfield>
         <marc:subfield code="2">rvk</marc:subfield>
         <marc:subfield code="0">(DE-625)rvk/29117:</marc:subfield>
      </marc:datafield>
      <marc:datafield tag="084" ind1=" " ind2=" ">
         <marc:subfield code="a">NG 7000</marc:subfield>
         <marc:subfield code="2">rvk</marc:subfield>
         <marc:subfield code="0">(DE-625)rvk/125440:13122</marc:subfield>
      </marc:datafield>
      <marc:datafield tag="084" ind1=" " ind2=" ">
         <marc:subfield code="a">LE 9000</marc:subfield>
         <marc:subfield code="2">rvk</marc:subfield>
      </marc:datafield>
      <marc:datafield tag="100" ind1="1" ind2=" ">
         <marc:subfield code="a">Johnstone, Mary A.</marc:subfield>
         <marc:subfield code="0">(DE-627)1231603259</marc:subfield>
         <marc:subfield code="0">(DE-576)161603254</marc:subfield>
         <marc:subfield code="4">aut</marc:subfield>
      </marc:datafield>
      <marc:datafield tag="245" ind1="1" ind2="4">
         <marc:subfield code="a">The dance in Etruria</marc:subfield>
         <marc:subfield code="b">a comparative study</marc:subfield>
         <marc:subfield code="c">Mary A. Johnstone</marc:subfield>
      </marc:datafield>
      <marc:datafield tag="264" ind1=" " ind2="1">
         <marc:subfield code="a">Florence</marc:subfield>
         <marc:subfield code="b">Olschki</marc:subfield>
         <marc:subfield code="c">1956</marc:subfield>
      </marc:datafield>
      <marc:datafield tag="300" ind1=" " ind2=" ">
         <marc:subfield code="a">XII, 164 S.</marc:subfield>
         <marc:subfield code="b">Ill.</marc:subfield>
      </marc:datafield>
      <marc:datafield tag="336" ind1=" " ind2=" ">
         <marc:subfield code="a">Text</marc:subfield>
         <marc:subfield code="b">txt</marc:subfield>
         <marc:subfield code="2">rdacontent</marc:subfield>
      </marc:datafield>
      <marc:datafield tag="337" ind1=" " ind2=" ">
         <marc:subfield code="a">ohne Hilfsmittel zu benutzen</marc:subfield>
         <marc:subfield code="b">n</marc:subfield>
         <marc:subfield code="2">rdamedia</marc:subfield>
      </marc:datafield>
      <marc:datafield tag="338" ind1=" " ind2=" ">
         <marc:subfield code="a">Band</marc:subfield>
         <marc:subfield code="b">nc</marc:subfield>
         <marc:subfield code="2">rdacarrier</marc:subfield>
      </marc:datafield>
      <marc:datafield tag="490" ind1="1" ind2=" ">
         <marc:subfield code="a">Pocket library of "Studies" in art</marc:subfield>
         <marc:subfield code="v">6</marc:subfield>
      </marc:datafield>
      <marc:datafield tag="591" ind1=" " ind2=" ">
         <marc:subfield code="a">720 ff. bvb; 580 ff. bvb ; IMD-Felder und 1131 maschinell ergänzt (SWB)</marc:subfield>
      </marc:datafield>
      <marc:datafield tag="689" ind1="0" ind2="0">
         <marc:subfield code="D">s</marc:subfield>
         <marc:subfield code="0">(DE-588)4015627-8</marc:subfield>
         <marc:subfield code="0">(DE-627)104697369</marc:subfield>
         <marc:subfield code="0">(DE-576)208912681</marc:subfield>
         <marc:subfield code="a">Etrusker</marc:subfield>
         <marc:subfield code="2">gnd</marc:subfield>
      </marc:datafield>
      <marc:datafield tag="689" ind1="0" ind2="1">
         <marc:subfield code="D">s</marc:subfield>
         <marc:subfield code="0">(DE-588)4059028-8</marc:subfield>
         <marc:subfield code="0">(DE-627)106144979</marc:subfield>
         <marc:subfield code="0">(DE-576)209129018</marc:subfield>
         <marc:subfield code="a">Tanz</marc:subfield>
         <marc:subfield code="2">gnd</marc:subfield>
      </marc:datafield>
      <marc:datafield tag="689" ind1="0" ind2=" ">
         <marc:subfield code="5">(DE-627)</marc:subfield>
      </marc:datafield>
      <marc:datafield tag="830" ind1=" " ind2="0">
         <marc:subfield code="a">Pocket library of studies in art</marc:subfield>
         <marc:subfield code="v">6</marc:subfield>
         <marc:subfield code="9">6</marc:subfield>
         <marc:subfield code="w">(DE-627)168772396</marc:subfield>
         <marc:subfield code="w">(DE-576)006786634</marc:subfield>
         <marc:subfield code="w">(DE-600)845879-0</marc:subfield>
         <marc:subfield code="x">0079-242X</marc:subfield>
      </marc:datafield>
      <marc:datafield tag="936" ind1="r" ind2="v">
         <marc:subfield code="a">AP 84820</marc:subfield>
         <marc:subfield code="b">Tanz und Kunst</marc:subfield>
         <marc:subfield code="k">Allgemeines</marc:subfield>
         <marc:subfield code="k">Medien- und Kommunikationswissenschaften, Kommunikationsdesign</marc:subfield>
         <marc:subfield code="k">Tanz</marc:subfield>
         <marc:subfield code="k">Beziehungen, Ausstrahlungen</marc:subfield>
         <marc:subfield code="k">Tanz und Kunst</marc:subfield>
         <marc:subfield code="0">(DE-627)1270693492</marc:subfield>
         <marc:subfield code="0">(DE-625)rvk/8043:</marc:subfield>
         <marc:subfield code="0">(DE-576)200693492</marc:subfield>
      </marc:datafield>
      <marc:datafield tag="936" ind1="r" ind2="v">
         <marc:subfield code="a">EX 820</marc:subfield>
         <marc:subfield code="b">Realien</marc:subfield>
         <marc:subfield code="k">Allgemeine und vergleichende Sprach- und Literaturwissenschaft. Indogermanistik. Außereuropäische Sprachen und Literaturen</marc:subfield>
         <marc:subfield code="k">Sprachen Altitaliens und der Pyrenäenhalbinsel (unter Einschluss der dortigen Restsprachen)</marc:subfield>
         <marc:subfield code="k">Etruskisch</marc:subfield>
         <marc:subfield code="k">Realien</marc:subfield>
         <marc:subfield code="0">(DE-627)1271414066</marc:subfield>
         <marc:subfield code="0">(DE-625)rvk/29117:</marc:subfield>
         <marc:subfield code="0">(DE-576)201414066</marc:subfield>
      </marc:datafield>
      <marc:datafield tag="936" ind1="r" ind2="v">
         <marc:subfield code="a">NG 7000</marc:subfield>
         <marc:subfield code="b">Allgemeines</marc:subfield>
         <marc:subfield code="k">Geschichte</marc:subfield>
         <marc:subfield code="k">Alte Geschichte</marc:subfield>
         <marc:subfield code="k">Geschichte und Kultur des alten Orients und der Mittelmeervölker (ohne Griechen und Römer)</marc:subfield>
         <marc:subfield code="k">Einzelne Reiche und Völker</marc:subfield>
         <marc:subfield code="k">Etrusker</marc:subfield>
         <marc:subfield code="k">Allgemeines</marc:subfield>
         <marc:subfield code="0">(DE-627)1270880349</marc:subfield>
         <marc:subfield code="0">(DE-625)rvk/125440:13122</marc:subfield>
         <marc:subfield code="0">(DE-576)200880349</marc:subfield>
      </marc:datafield>
      <marc:datafield tag="936" ind1="r" ind2="v">
         <marc:subfield code="a">LE 9000</marc:subfield>
         <marc:subfield code="b">Kunst und Kultur</marc:subfield>
         <marc:subfield code="k">Klassische Archäologie</marc:subfield>
         <marc:subfield code="k">Vorgeschichte Italiens und Etruskologie</marc:subfield>
         <marc:subfield code="k">Die etruskische Kultur</marc:subfield>
         <marc:subfield code="k">Kunst und Kultur</marc:subfield>
         <marc:subfield code="0">(DE-627)1270636227</marc:subfield>
         <marc:subfield code="0">(DE-576)200636227</marc:subfield>
      </marc:datafield>
      <marc:datafield tag="951" ind1=" " ind2=" ">
         <marc:subfield code="a">BO</marc:subfield>
      </marc:datafield>
   </marc:record>