
   <marc:record>
      <marc:leader>     cam a22        4500</marc:leader>
      <marc:controlfield tag="001">019447051</marc:controlfield>
      <marc:controlfield tag="003">DE-576</marc:controlfield>
      <marc:controlfield tag="005">20160818111017.0</marc:controlfield>
      <marc:controlfield tag="007">tu</marc:controlfield>
      <marc:controlfield tag="008">900118s1967    xx |||||      00| ||ger c</marc:controlfield>
      <marc:datafield tag="035" ind1=" " ind2=" ">
         <marc:subfield code="a">(DE-627)1089447051</marc:subfield>
      </marc:datafield>
      <marc:datafield tag="035" ind1=" " ind2=" ">
         <marc:subfield code="a">(DE-576)019447051</marc:subfield>
      </marc:datafield>
      <marc:datafield tag="035" ind1=" " ind2=" ">
         <marc:subfield code="a">(DE-599)BSZ019447051</marc:subfield>
      </marc:datafield>
      <marc:datafield tag="035" ind1=" " ind2=" ">
         <marc:subfield code="a">(OCoLC)00683007</marc:subfield>
      </marc:datafield>
      <marc:datafield tag="040" ind1=" " ind2=" ">
         <marc:subfield code="a">DE-576</marc:subfield>
         <marc:subfield code="b">ger</marc:subfield>
         <marc:subfield code="c">DE-576</marc:subfield>
         <marc:subfield code="e">rda</marc:subfield>
      </marc:datafield>
      <marc:datafield tag="041" ind1=" " ind2=" ">
         <marc:subfield code="a">ger</marc:subfield>
      </marc:datafield>
      <marc:datafield tag="082" ind1="0" ind2=" ">
         <marc:subfield code="a">786.6243 EGG</marc:subfield>
      </marc:datafield>
      <marc:datafield tag="084" ind1=" " ind2=" ">
         <marc:subfield code="a">LR 11880</marc:subfield>
         <marc:subfield code="2">rvk</marc:subfield>
      </marc:datafield>
      <marc:datafield tag="084" ind1=" " ind2=" ">
         <marc:subfield code="a">LR 11886</marc:subfield>
         <marc:subfield code="2">rvk</marc:subfield>
         <marc:subfield code="0">(DE-625)rvk/109309:13534</marc:subfield>
      </marc:datafield>
      <marc:datafield tag="100" ind1="1" ind2=" ">
         <marc:subfield code="a">Eggebrecht, Hans Heinrich</marc:subfield>
         <marc:subfield code="d">1919-1999</marc:subfield>
         <marc:subfield code="e">VerfasserIn</marc:subfield>
         <marc:subfield code="0">(DE-588)118688030</marc:subfield>
         <marc:subfield code="0">(DE-627)283148632</marc:subfield>
         <marc:subfield code="0">(DE-576)160831539</marc:subfield>
         <marc:subfield code="4">aut</marc:subfield>
      </marc:datafield>
      <marc:datafield tag="245" ind1="1" ind2="4">
         <marc:subfield code="a">Die Orgelbewegung</marc:subfield>
         <marc:subfield code="c">Hans Heinrich Eggebrecht</marc:subfield>
      </marc:datafield>
      <marc:datafield tag="264" ind1=" " ind2="1">
         <marc:subfield code="a">Stuttgart</marc:subfield>
         <marc:subfield code="b">Musikwissenschaftliche Verlags-Gesellschaft mbH</marc:subfield>
         <marc:subfield code="c">1967</marc:subfield>
      </marc:datafield>
      <marc:datafield tag="300" ind1=" " ind2=" ">
         <marc:subfield code="a">32 Seiten</marc:subfield>
      </marc:datafield>
      <marc:datafield tag="336" ind1=" " ind2=" ">
         <marc:subfield code="a">Text</marc:subfield>
         <marc:subfield code="b">txt</marc:subfield>
         <marc:subfield code="2">rdacontent</marc:subfield>
      </marc:datafield>
      <marc:datafield tag="337" ind1=" " ind2=" ">
         <marc:subfield code="a">ohne Hilfsmittel zu benutzen</marc:subfield>
         <marc:subfield code="b">n</marc:subfield>
         <marc:subfield code="2">rdamedia</marc:subfield>
      </marc:datafield>
      <marc:datafield tag="338" ind1=" " ind2=" ">
         <marc:subfield code="a">Band</marc:subfield>
         <marc:subfield code="b">nc</marc:subfield>
         <marc:subfield code="2">rdacarrier</marc:subfield>
      </marc:datafield>
      <marc:datafield tag="490" ind1="1" ind2=" ">
         <marc:subfield code="a">Veröffentlichungen der Walcker-Stiftung für Orgelwissenschaftliche Forschung</marc:subfield>
         <marc:subfield code="v">Heft 1</marc:subfield>
      </marc:datafield>
      <marc:datafield tag="689" ind1="0" ind2="0">
         <marc:subfield code="D">s</marc:subfield>
         <marc:subfield code="0">(DE-588)4464496-6</marc:subfield>
         <marc:subfield code="0">(DE-627)232054134</marc:subfield>
         <marc:subfield code="0">(DE-576)212708333</marc:subfield>
         <marc:subfield code="a">Orgelbewegung</marc:subfield>
         <marc:subfield code="2">gnd</marc:subfield>
      </marc:datafield>
      <marc:datafield tag="689" ind1="0" ind2=" ">
         <marc:subfield code="5">(DE-627)</marc:subfield>
      </marc:datafield>
      <marc:datafield tag="689" ind1="1" ind2="0">
         <marc:subfield code="D">s</marc:subfield>
         <marc:subfield code="0">(DE-588)4043844-2</marc:subfield>
         <marc:subfield code="0">(DE-627)106208314</marc:subfield>
         <marc:subfield code="0">(DE-576)209057556</marc:subfield>
         <marc:subfield code="a">Orgel</marc:subfield>
         <marc:subfield code="2">gnd</marc:subfield>
      </marc:datafield>
      <marc:datafield tag="689" ind1="1" ind2=" ">
         <marc:subfield code="5">(DE-627)</marc:subfield>
      </marc:datafield>
      <marc:datafield tag="689" ind1="2" ind2="0">
         <marc:subfield code="D">b</marc:subfield>
         <marc:subfield code="0">(DE-588)4064352-9</marc:subfield>
         <marc:subfield code="0">(DE-627)106124110</marc:subfield>
         <marc:subfield code="0">(DE-576)209152907</marc:subfield>
         <marc:subfield code="a">E. F. Walcker und Cie.</marc:subfield>
         <marc:subfield code="2">gnd</marc:subfield>
      </marc:datafield>
      <marc:datafield tag="689" ind1="2" ind2="1">
         <marc:subfield code="D">u</marc:subfield>
         <marc:subfield code="0">(DE-588)7573583-0</marc:subfield>
         <marc:subfield code="0">(DE-627)702852600</marc:subfield>
         <marc:subfield code="0">(DE-576)265562430</marc:subfield>
         <marc:subfield code="a">Praetorius-Orgel</marc:subfield>
         <marc:subfield code="2">gnd</marc:subfield>
      </marc:datafield>
      <marc:datafield tag="689" ind1="2" ind2="2">
         <marc:subfield code="D">g</marc:subfield>
         <marc:subfield code="0">(DE-588)4463017-7</marc:subfield>
         <marc:subfield code="0">(DE-627)231108990</marc:subfield>
         <marc:subfield code="0">(DE-576)212693212</marc:subfield>
         <marc:subfield code="a">Kollegiengebäude 1</marc:subfield>
         <marc:subfield code="g">Freiburg im Breisgau</marc:subfield>
         <marc:subfield code="2">gnd</marc:subfield>
      </marc:datafield>
      <marc:datafield tag="689" ind1="2" ind2=" ">
         <marc:subfield code="5">(DE-627)</marc:subfield>
      </marc:datafield>
      <marc:datafield tag="810" ind1="2" ind2=" ">
         <marc:subfield code="a">Walcker-Stiftung für Orgelwissenschaftliche Forschung</marc:subfield>
         <marc:subfield code="t">Veröffentlichungen der Walcker-Stiftung für Orgelwissenschaftliche Forschung</marc:subfield>
         <marc:subfield code="v">Heft 1</marc:subfield>
         <marc:subfield code="9">1</marc:subfield>
         <marc:subfield code="w">(DE-627)129947881</marc:subfield>
         <marc:subfield code="w">(DE-576)012413089</marc:subfield>
         <marc:subfield code="w">(DE-600)401389-X</marc:subfield>
      </marc:datafield>
      <marc:datafield tag="936" ind1="r" ind2="v">
         <marc:subfield code="a">LR 11880</marc:subfield>
         <marc:subfield code="b">Orgel, Portativ, Positiv, Regal</marc:subfield>
         <marc:subfield code="k">Musikwissenschaft</marc:subfield>
         <marc:subfield code="k">I. Musica theoretica</marc:subfield>
         <marc:subfield code="k">Sachteil: Musica theoretica (einschl. Realien mit geographischem Bezug)</marc:subfield>
         <marc:subfield code="k">Musikinstrumente; Spiel auf einzelnen Instrumenten und Instrumentengruppen; Musik für einzelne Instrumente und Instrumentengruppen</marc:subfield>
         <marc:subfield code="k">Darstellungen:</marc:subfield>
         <marc:subfield code="k">Speziell:</marc:subfield>
         <marc:subfield code="k">Musikinstrumente O</marc:subfield>
         <marc:subfield code="k">Orgel, Portativ, Positiv, Regal</marc:subfield>
         <marc:subfield code="0">(DE-627)1270821199</marc:subfield>
         <marc:subfield code="0">(DE-576)200821199</marc:subfield>
      </marc:datafield>
      <marc:datafield tag="936" ind1="r" ind2="v">
         <marc:subfield code="a">LR 11886</marc:subfield>
         <marc:subfield code="b">19. und 20. Jahrhundert</marc:subfield>
         <marc:subfield code="k">Musikwissenschaft</marc:subfield>
         <marc:subfield code="k">I. Musica theoretica</marc:subfield>
         <marc:subfield code="k">Sachteil: Musica theoretica (einschl. Realien mit geographischem Bezug)</marc:subfield>
         <marc:subfield code="k">Musikinstrumente; Spiel auf einzelnen Instrumenten und Instrumentengruppen; Musik für einzelne Instrumente und Instrumentengruppen</marc:subfield>
         <marc:subfield code="k">Darstellungen:</marc:subfield>
         <marc:subfield code="k">Speziell:</marc:subfield>
         <marc:subfield code="k">Musikinstrumente O</marc:subfield>
         <marc:subfield code="k">Orgel, Portativ, Positiv, Regal</marc:subfield>
         <marc:subfield code="k">19. und 20. Jahrhundert</marc:subfield>
         <marc:subfield code="0">(DE-627)1271713381</marc:subfield>
         <marc:subfield code="0">(DE-625)rvk/109309:13534</marc:subfield>
         <marc:subfield code="0">(DE-576)201713381</marc:subfield>
      </marc:datafield>
      <marc:datafield tag="951" ind1=" " ind2=" ">
         <marc:subfield code="a">BO</marc:subfield>
      </marc:datafield>
   </marc:record>