
   <marc:record>
      <marc:leader>     cam a22        4500</marc:leader>
      <marc:controlfield tag="001">019332211</marc:controlfield>
      <marc:controlfield tag="003">DE-576</marc:controlfield>
      <marc:controlfield tag="005">20181224225803.0</marc:controlfield>
      <marc:controlfield tag="007">tu</marc:controlfield>
      <marc:controlfield tag="008">900102s1977    xx |||||      00| ||ger c</marc:controlfield>
      <marc:datafield tag="035" ind1=" " ind2=" ">
         <marc:subfield code="a">(DE-627)1089332211</marc:subfield>
      </marc:datafield>
      <marc:datafield tag="035" ind1=" " ind2=" ">
         <marc:subfield code="a">(DE-576)019332211</marc:subfield>
      </marc:datafield>
      <marc:datafield tag="035" ind1=" " ind2=" ">
         <marc:subfield code="a">(DE-599)BSZ019332211</marc:subfield>
      </marc:datafield>
      <marc:datafield tag="035" ind1=" " ind2=" ">
         <marc:subfield code="a">(OCoLC)04242179</marc:subfield>
      </marc:datafield>
      <marc:datafield tag="035" ind1=" " ind2=" ">
         <marc:subfield code="a">(OCoLC)256757205</marc:subfield>
      </marc:datafield>
      <marc:datafield tag="035" ind1=" " ind2=" ">
         <marc:subfield code="a">(DE-604)8032508409</marc:subfield>
      </marc:datafield>
      <marc:datafield tag="040" ind1=" " ind2=" ">
         <marc:subfield code="a">DE-576</marc:subfield>
         <marc:subfield code="b">ger</marc:subfield>
         <marc:subfield code="c">DE-576</marc:subfield>
         <marc:subfield code="e">rakwb</marc:subfield>
      </marc:datafield>
      <marc:datafield tag="041" ind1=" " ind2=" ">
         <marc:subfield code="a">ger</marc:subfield>
      </marc:datafield>
      <marc:datafield tag="044" ind1=" " ind2=" ">
         <marc:subfield code="c">XA-AT-9</marc:subfield>
      </marc:datafield>
      <marc:datafield tag="082" ind1="0" ind2=" ">
         <marc:subfield code="a">398.08</marc:subfield>
      </marc:datafield>
      <marc:datafield tag="084" ind1=" " ind2=" ">
         <marc:subfield code="a">LB 59260</marc:subfield>
         <marc:subfield code="2">rvk</marc:subfield>
         <marc:subfield code="0">(DE-625)rvk/90576:847</marc:subfield>
      </marc:datafield>
      <marc:datafield tag="100" ind1="1" ind2=" ">
         <marc:subfield code="a">Puchner, Walter</marc:subfield>
         <marc:subfield code="d">1947-</marc:subfield>
         <marc:subfield code="0">(DE-588)115411496</marc:subfield>
         <marc:subfield code="0">(DE-627)077232909</marc:subfield>
         <marc:subfield code="0">(DE-576)164420304</marc:subfield>
         <marc:subfield code="4">aut</marc:subfield>
      </marc:datafield>
      <marc:datafield tag="245" ind1="1" ind2="0">
         <marc:subfield code="a">Brauchtumserscheinungen im griechischen Jahreslauf und ihre Beziehungen zum Volkstheater</marc:subfield>
         <marc:subfield code="b">theaterwissenschaftlich-volkskundliche Querschnittstudien zur südbalkan- mediterranen Volkskultur</marc:subfield>
         <marc:subfield code="c">von Walter Puchner</marc:subfield>
      </marc:datafield>
      <marc:datafield tag="264" ind1=" " ind2="1">
         <marc:subfield code="a">Wien</marc:subfield>
         <marc:subfield code="b">Selbstverl. d. Österreich. Museum für Volkskunde</marc:subfield>
         <marc:subfield code="c">1977</marc:subfield>
      </marc:datafield>
      <marc:datafield tag="300" ind1=" " ind2=" ">
         <marc:subfield code="a">437, [11] S.</marc:subfield>
         <marc:subfield code="b">Ill., Kt.</marc:subfield>
         <marc:subfield code="e">1 Übersichtskarte</marc:subfield>
      </marc:datafield>
      <marc:datafield tag="336" ind1=" " ind2=" ">
         <marc:subfield code="a">Text</marc:subfield>
         <marc:subfield code="b">txt</marc:subfield>
         <marc:subfield code="2">rdacontent</marc:subfield>
      </marc:datafield>
      <marc:datafield tag="337" ind1=" " ind2=" ">
         <marc:subfield code="a">ohne Hilfsmittel zu benutzen</marc:subfield>
         <marc:subfield code="b">n</marc:subfield>
         <marc:subfield code="2">rdamedia</marc:subfield>
      </marc:datafield>
      <marc:datafield tag="338" ind1=" " ind2=" ">
         <marc:subfield code="a">Band</marc:subfield>
         <marc:subfield code="b">nc</marc:subfield>
         <marc:subfield code="2">rdacarrier</marc:subfield>
      </marc:datafield>
      <marc:datafield tag="490" ind1="1" ind2=" ">
         <marc:subfield code="a">Veröffentlichungen des Österreichischen Museums für Volkskunde</marc:subfield>
         <marc:subfield code="v">18</marc:subfield>
      </marc:datafield>
      <marc:datafield tag="591" ind1=" " ind2=" ">
         <marc:subfield code="a">720 ff. bvb ; 580 ff. bvb ; 5090: L1UB/sred ; IMD-Felder und 1131 maschinell ergänzt (SWB)</marc:subfield>
      </marc:datafield>
      <marc:datafield tag="689" ind1="0" ind2="0">
         <marc:subfield code="D">g</marc:subfield>
         <marc:subfield code="0">(DE-588)4022047-3</marc:subfield>
         <marc:subfield code="0">(DE-627)106310941</marc:subfield>
         <marc:subfield code="0">(DE-576)208941401</marc:subfield>
         <marc:subfield code="a">Griechenland</marc:subfield>
         <marc:subfield code="2">gnd</marc:subfield>
      </marc:datafield>
      <marc:datafield tag="689" ind1="0" ind2="1">
         <marc:subfield code="D">s</marc:subfield>
         <marc:subfield code="0">(DE-588)4008017-1</marc:subfield>
         <marc:subfield code="0">(DE-627)106370308</marc:subfield>
         <marc:subfield code="0">(DE-576)208873813</marc:subfield>
         <marc:subfield code="a">Brauchtum</marc:subfield>
         <marc:subfield code="2">gnd</marc:subfield>
      </marc:datafield>
      <marc:datafield tag="689" ind1="0" ind2="2">
         <marc:subfield code="D">s</marc:subfield>
         <marc:subfield code="0">(DE-588)4027996-0</marc:subfield>
         <marc:subfield code="0">(DE-627)104364289</marc:subfield>
         <marc:subfield code="0">(DE-576)208973486</marc:subfield>
         <marc:subfield code="a">Jahreslauf</marc:subfield>
         <marc:subfield code="2">gnd</marc:subfield>
      </marc:datafield>
      <marc:datafield tag="689" ind1="0" ind2=" ">
         <marc:subfield code="5">(DE-627)</marc:subfield>
      </marc:datafield>
      <marc:datafield tag="689" ind1="1" ind2="0">
         <marc:subfield code="D">g</marc:subfield>
         <marc:subfield code="0">(DE-588)4022047-3</marc:subfield>
         <marc:subfield code="0">(DE-627)106310941</marc:subfield>
         <marc:subfield code="0">(DE-576)208941401</marc:subfield>
         <marc:subfield code="a">Griechenland</marc:subfield>
         <marc:subfield code="2">gnd</marc:subfield>
      </marc:datafield>
      <marc:datafield tag="689" ind1="1" ind2="1">
         <marc:subfield code="D">s</marc:subfield>
         <marc:subfield code="0">(DE-588)4130623-5</marc:subfield>
         <marc:subfield code="0">(DE-627)105701211</marc:subfield>
         <marc:subfield code="0">(DE-576)209620536</marc:subfield>
         <marc:subfield code="a">Volkstheater</marc:subfield>
         <marc:subfield code="2">gnd</marc:subfield>
      </marc:datafield>
      <marc:datafield tag="689" ind1="1" ind2=" ">
         <marc:subfield code="5">(DE-627)</marc:subfield>
      </marc:datafield>
      <marc:datafield tag="810" ind1="2" ind2=" ">
         <marc:subfield code="a">Österreichisches Museum für Volkskunde</marc:subfield>
         <marc:subfield code="t">Veröffentlichungen des Österreichischen Museums für Volkskunde</marc:subfield>
         <marc:subfield code="v">18</marc:subfield>
         <marc:subfield code="9">18</marc:subfield>
         <marc:subfield code="w">(DE-627)130741140</marc:subfield>
         <marc:subfield code="w">(DE-576)00477292X</marc:subfield>
         <marc:subfield code="w">(DE-600)984973-7</marc:subfield>
      </marc:datafield>
      <marc:datafield tag="936" ind1="r" ind2="v">
         <marc:subfield code="a">LB 59260</marc:subfield>
         <marc:subfield code="b">Griechenland</marc:subfield>
         <marc:subfield code="k">Ethnologie</marc:subfield>
         <marc:subfield code="k">Rituale und Bräuche</marc:subfield>
         <marc:subfield code="k">Rituale und Bräuche im Jahreszyklus</marc:subfield>
         <marc:subfield code="k">Europa</marc:subfield>
         <marc:subfield code="k">Südeuropa (Mittelmeerländer)</marc:subfield>
         <marc:subfield code="k">Griechenland</marc:subfield>
         <marc:subfield code="0">(DE-627)1272361950</marc:subfield>
         <marc:subfield code="0">(DE-625)rvk/90576:847</marc:subfield>
         <marc:subfield code="0">(DE-576)202361950</marc:subfield>
      </marc:datafield>
      <marc:datafield tag="951" ind1=" " ind2=" ">
         <marc:subfield code="a">BO</marc:subfield>
      </marc:datafield>
   </marc:record>