
   <marc:record>
      <marc:leader>     cam a22        4500</marc:leader>
      <marc:controlfield tag="001">018044298</marc:controlfield>
      <marc:controlfield tag="003">DE-576</marc:controlfield>
      <marc:controlfield tag="005">20200615114549.0</marc:controlfield>
      <marc:controlfield tag="007">tu</marc:controlfield>
      <marc:controlfield tag="008">890705s1982    xx |||||      00| ||und c</marc:controlfield>
      <marc:datafield tag="015" ind1=" " ind2=" ">
         <marc:subfield code="a">83,A21,0719</marc:subfield>
         <marc:subfield code="2">dnb</marc:subfield>
      </marc:datafield>
      <marc:datafield tag="016" ind1="7" ind2=" ">
         <marc:subfield code="a">830512764</marc:subfield>
         <marc:subfield code="2">DE-101</marc:subfield>
      </marc:datafield>
      <marc:datafield tag="020" ind1=" " ind2=" ">
         <marc:subfield code="a">3764922613</marc:subfield>
         <marc:subfield code="9">3-7649-2261-3</marc:subfield>
      </marc:datafield>
      <marc:datafield tag="035" ind1=" " ind2=" ">
         <marc:subfield code="a">(DE-627)1088044298</marc:subfield>
      </marc:datafield>
      <marc:datafield tag="035" ind1=" " ind2=" ">
         <marc:subfield code="a">(DE-576)018044298</marc:subfield>
      </marc:datafield>
      <marc:datafield tag="035" ind1=" " ind2=" ">
         <marc:subfield code="a">(DE-599)DNB830512764</marc:subfield>
      </marc:datafield>
      <marc:datafield tag="035" ind1=" " ind2=" ">
         <marc:subfield code="a">(OCoLC)74596817</marc:subfield>
      </marc:datafield>
      <marc:datafield tag="035" ind1=" " ind2=" ">
         <marc:subfield code="a">(OCoLC)74596817</marc:subfield>
      </marc:datafield>
      <marc:datafield tag="040" ind1=" " ind2=" ">
         <marc:subfield code="a">DE-576</marc:subfield>
         <marc:subfield code="b">ger</marc:subfield>
         <marc:subfield code="c">DE-576</marc:subfield>
         <marc:subfield code="e">rakwb</marc:subfield>
      </marc:datafield>
      <marc:datafield tag="084" ind1=" " ind2=" ">
         <marc:subfield code="a">LR 56969</marc:subfield>
         <marc:subfield code="2">rvk</marc:subfield>
         <marc:subfield code="0">(DE-625)rvk/109834:</marc:subfield>
      </marc:datafield>
      <marc:datafield tag="084" ind1=" " ind2=" ">
         <marc:subfield code="a">LR 53700</marc:subfield>
         <marc:subfield code="2">rvk</marc:subfield>
      </marc:datafield>
      <marc:datafield tag="084" ind1=" " ind2=" ">
         <marc:subfield code="a">LR 56980</marc:subfield>
         <marc:subfield code="2">rvk</marc:subfield>
         <marc:subfield code="0">(DE-625)rvk/109838:</marc:subfield>
      </marc:datafield>
      <marc:datafield tag="084" ind1=" " ind2=" ">
         <marc:subfield code="a">LS 22080</marc:subfield>
         <marc:subfield code="2">rvk</marc:subfield>
         <marc:subfield code="0">(DE-625)rvk/110021:</marc:subfield>
      </marc:datafield>
      <marc:datafield tag="084" ind1=" " ind2=" ">
         <marc:subfield code="a">LS 21520</marc:subfield>
         <marc:subfield code="2">rvk</marc:subfield>
         <marc:subfield code="0">(DE-625)rvk/109973:</marc:subfield>
      </marc:datafield>
      <marc:datafield tag="245" ind1="1" ind2="0">
         <marc:subfield code="a">Werkbuch Liedermachen</marc:subfield>
         <marc:subfield code="b">Gedanken, Anregungen, Beispiele, Modelle</marc:subfield>
         <marc:subfield code="c">hrsg. von d. Landesarbeitsgemeinschaft Musik Nordrhein-Westfalen e.V. Mitarb.: Norbert Althofen ... u. viele Jugendl. aus Nordrhein-Westfalen. Red. u. Bearb.: Heinz-Wilhelm Schnieders</marc:subfield>
      </marc:datafield>
      <marc:datafield tag="264" ind1=" " ind2="1">
         <marc:subfield code="a">Regensburg</marc:subfield>
         <marc:subfield code="b">Bosse</marc:subfield>
         <marc:subfield code="c">1982</marc:subfield>
      </marc:datafield>
      <marc:datafield tag="300" ind1=" " ind2=" ">
         <marc:subfield code="a">159 S.</marc:subfield>
         <marc:subfield code="b">Ill., Noten</marc:subfield>
      </marc:datafield>
      <marc:datafield tag="336" ind1=" " ind2=" ">
         <marc:subfield code="a">Text</marc:subfield>
         <marc:subfield code="b">txt</marc:subfield>
         <marc:subfield code="2">rdacontent</marc:subfield>
      </marc:datafield>
      <marc:datafield tag="337" ind1=" " ind2=" ">
         <marc:subfield code="a">ohne Hilfsmittel zu benutzen</marc:subfield>
         <marc:subfield code="b">n</marc:subfield>
         <marc:subfield code="2">rdamedia</marc:subfield>
      </marc:datafield>
      <marc:datafield tag="338" ind1=" " ind2=" ">
         <marc:subfield code="a">Band</marc:subfield>
         <marc:subfield code="b">nc</marc:subfield>
         <marc:subfield code="2">rdacarrier</marc:subfield>
      </marc:datafield>
      <marc:datafield tag="490" ind1="1" ind2=" ">
         <marc:subfield code="a">Schriftenreihe der Landesarbeitsgemeinschaft Musik Nordrhein-Westfalen e.V.</marc:subfield>
         <marc:subfield code="v">16</marc:subfield>
      </marc:datafield>
      <marc:datafield tag="591" ind1=" " ind2=" ">
         <marc:subfield code="a">720 ff. bvb; 580 ff. bvb 5090 KNWEPH/sred ; IMD-Felder und 1131 maschinell ergänzt (SWB)</marc:subfield>
      </marc:datafield>
      <marc:datafield tag="650" ind1=" " ind2="4">
         <marc:subfield code="a">Komponieren</marc:subfield>
      </marc:datafield>
      <marc:datafield tag="689" ind1="0" ind2="0">
         <marc:subfield code="D">s</marc:subfield>
         <marc:subfield code="0">(DE-588)4035673-5</marc:subfield>
         <marc:subfield code="0">(DE-627)106246488</marc:subfield>
         <marc:subfield code="0">(DE-576)209014008</marc:subfield>
         <marc:subfield code="a">Liedermacher</marc:subfield>
         <marc:subfield code="2">gnd</marc:subfield>
      </marc:datafield>
      <marc:datafield tag="689" ind1="0" ind2="1">
         <marc:subfield code="D">s</marc:subfield>
         <marc:subfield code="0">(DE-588)4151278-9</marc:subfield>
         <marc:subfield code="0">(DE-627)104450460</marc:subfield>
         <marc:subfield code="0">(DE-576)209786884</marc:subfield>
         <marc:subfield code="a">Einführung</marc:subfield>
         <marc:subfield code="2">gnd</marc:subfield>
      </marc:datafield>
      <marc:datafield tag="689" ind1="0" ind2=" ">
         <marc:subfield code="5">(DE-627)</marc:subfield>
      </marc:datafield>
      <marc:datafield tag="700" ind1="1" ind2=" ">
         <marc:subfield code="a">Althofen, Norbert</marc:subfield>
         <marc:subfield code="e">Mitarb.</marc:subfield>
         <marc:subfield code="4">oth</marc:subfield>
      </marc:datafield>
      <marc:datafield tag="700" ind1="1" ind2=" ">
         <marc:subfield code="a">Schnieders, Heinz-Wilhelm</marc:subfield>
         <marc:subfield code="e">Bearb.</marc:subfield>
         <marc:subfield code="4">adp</marc:subfield>
      </marc:datafield>
      <marc:datafield tag="810" ind1="2" ind2=" ">
         <marc:subfield code="a">Landesarbeitsgemeinschaft Musik Nordrhein-Westfalen</marc:subfield>
         <marc:subfield code="t">Schriftenreihe der Landesarbeitsgemeinschaft Musik Nordrhein-Westfalen e.V.</marc:subfield>
         <marc:subfield code="v">16</marc:subfield>
         <marc:subfield code="9">16</marc:subfield>
         <marc:subfield code="w">(DE-627)1088044255</marc:subfield>
         <marc:subfield code="w">(DE-576)018044255</marc:subfield>
      </marc:datafield>
      <marc:datafield tag="936" ind1="r" ind2="v">
         <marc:subfield code="a">LR 56969</marc:subfield>
         <marc:subfield code="b">Neue Musik im Unterricht</marc:subfield>
         <marc:subfield code="k">Musikwissenschaft</marc:subfield>
         <marc:subfield code="k">I. Musica theoretica</marc:subfield>
         <marc:subfield code="k">Sachteil: Musica theoretica (einschl. Realien mit geographischem Bezug)</marc:subfield>
         <marc:subfield code="k">Musikpädagogik</marc:subfield>
         <marc:subfield code="k">Unterrichtsthemen</marc:subfield>
         <marc:subfield code="k">Neue Musik im Unterricht</marc:subfield>
         <marc:subfield code="0">(DE-627)1270919512</marc:subfield>
         <marc:subfield code="0">(DE-625)rvk/109834:</marc:subfield>
         <marc:subfield code="0">(DE-576)200919512</marc:subfield>
      </marc:datafield>
      <marc:datafield tag="936" ind1="r" ind2="v">
         <marc:subfield code="a">LR 53700</marc:subfield>
         <marc:subfield code="b">Jugendmusik</marc:subfield>
         <marc:subfield code="k">Musikwissenschaft</marc:subfield>
         <marc:subfield code="k">I. Musica theoretica</marc:subfield>
         <marc:subfield code="k">Sachteil: Musica theoretica (einschl. Realien mit geographischem Bezug)</marc:subfield>
         <marc:subfield code="k">Musikalische Gattungen, Formen, Termini</marc:subfield>
         <marc:subfield code="k">Einzelne Gattungen und Formen:</marc:subfield>
         <marc:subfield code="k">Gattungen und Formen J</marc:subfield>
         <marc:subfield code="k">Jugendmusik</marc:subfield>
         <marc:subfield code="0">(DE-627)1271422336</marc:subfield>
         <marc:subfield code="0">(DE-576)201422336</marc:subfield>
      </marc:datafield>
      <marc:datafield tag="936" ind1="r" ind2="v">
         <marc:subfield code="a">LR 56980</marc:subfield>
         <marc:subfield code="b">Didaktik und Methodik, Unterrichtsformen</marc:subfield>
         <marc:subfield code="k">Musikwissenschaft</marc:subfield>
         <marc:subfield code="k">I. Musica theoretica</marc:subfield>
         <marc:subfield code="k">Sachteil: Musica theoretica (einschl. Realien mit geographischem Bezug)</marc:subfield>
         <marc:subfield code="k">Musikpädagogik</marc:subfield>
         <marc:subfield code="k">Instrumental- und Vokalpädagogik</marc:subfield>
         <marc:subfield code="k">Didaktik und Methodik, Unterrichtsformen</marc:subfield>
         <marc:subfield code="0">(DE-627)1270822942</marc:subfield>
         <marc:subfield code="0">(DE-625)rvk/109838:</marc:subfield>
         <marc:subfield code="0">(DE-576)200822942</marc:subfield>
      </marc:datafield>
      <marc:datafield tag="936" ind1="r" ind2="v">
         <marc:subfield code="a">LS 22080</marc:subfield>
         <marc:subfield code="b">Komponierte Lieder im Volksliedstil</marc:subfield>
         <marc:subfield code="k">Musikwissenschaft</marc:subfield>
         <marc:subfield code="k">I. Musica theoretica</marc:subfield>
         <marc:subfield code="k">Musikalische Volks- und Völkerkunde: Musica theoretica</marc:subfield>
         <marc:subfield code="k">Volksmusik in Europa und Amerika -  Theoretica</marc:subfield>
         <marc:subfield code="k">2. Volksgesang</marc:subfield>
         <marc:subfield code="k">Erstes und zweites Dasein</marc:subfield>
         <marc:subfield code="k">Komponierte Lieder im Volksliedstil</marc:subfield>
         <marc:subfield code="0">(DE-627)1271430371</marc:subfield>
         <marc:subfield code="0">(DE-625)rvk/110021:</marc:subfield>
         <marc:subfield code="0">(DE-576)201430371</marc:subfield>
      </marc:datafield>
      <marc:datafield tag="936" ind1="r" ind2="v">
         <marc:subfield code="a">LS 21520</marc:subfield>
         <marc:subfield code="b">Politische Gruppen</marc:subfield>
         <marc:subfield code="k">Musikwissenschaft</marc:subfield>
         <marc:subfield code="k">I. Musica theoretica</marc:subfield>
         <marc:subfield code="k">Musikalische Volks- und Völkerkunde: Musica theoretica</marc:subfield>
         <marc:subfield code="k">Volksmusik in Europa und Amerika -  Theoretica</marc:subfield>
         <marc:subfield code="k">2. Volksgesang</marc:subfield>
         <marc:subfield code="k">Das Lied spezieller Gruppen</marc:subfield>
         <marc:subfield code="k">Politische Gruppen</marc:subfield>
         <marc:subfield code="0">(DE-627)1271429950</marc:subfield>
         <marc:subfield code="0">(DE-625)rvk/109973:</marc:subfield>
         <marc:subfield code="0">(DE-576)201429950</marc:subfield>
      </marc:datafield>
      <marc:datafield tag="951" ind1=" " ind2=" ">
         <marc:subfield code="a">BO</marc:subfield>
      </marc:datafield>
   </marc:record>