
   <marc:record>
      <marc:leader>     cam a22        4500</marc:leader>
      <marc:controlfield tag="001">013431064</marc:controlfield>
      <marc:controlfield tag="003">DE-576</marc:controlfield>
      <marc:controlfield tag="005">20201207124830.0</marc:controlfield>
      <marc:controlfield tag="007">tu</marc:controlfield>
      <marc:controlfield tag="008">871130s1986    xx |||||      00| ||baq c</marc:controlfield>
      <marc:datafield tag="035" ind1=" " ind2=" ">
         <marc:subfield code="a">(DE-627)1083431064</marc:subfield>
      </marc:datafield>
      <marc:datafield tag="035" ind1=" " ind2=" ">
         <marc:subfield code="a">(DE-576)013431064</marc:subfield>
      </marc:datafield>
      <marc:datafield tag="035" ind1=" " ind2=" ">
         <marc:subfield code="a">(DE-599)BSZ013431064</marc:subfield>
      </marc:datafield>
      <marc:datafield tag="035" ind1=" " ind2=" ">
         <marc:subfield code="a">(OCoLC)310733226</marc:subfield>
      </marc:datafield>
      <marc:datafield tag="040" ind1=" " ind2=" ">
         <marc:subfield code="a">DE-576</marc:subfield>
         <marc:subfield code="b">ger</marc:subfield>
         <marc:subfield code="c">DE-576</marc:subfield>
         <marc:subfield code="e">rakwb</marc:subfield>
      </marc:datafield>
      <marc:datafield tag="041" ind1=" " ind2=" ">
         <marc:subfield code="a">baq</marc:subfield>
         <marc:subfield code="a">spa</marc:subfield>
         <marc:subfield code="a">ger</marc:subfield>
      </marc:datafield>
      <marc:datafield tag="084" ind1=" " ind2=" ">
         <marc:subfield code="a">GK 5162</marc:subfield>
         <marc:subfield code="2">rvk</marc:subfield>
         <marc:subfield code="0">(DE-625)rvk/41098:11808</marc:subfield>
      </marc:datafield>
      <marc:datafield tag="100" ind1="1" ind2=" ">
         <marc:subfield code="a">Kleist, Heinrich von</marc:subfield>
         <marc:subfield code="d">1777-1811</marc:subfield>
         <marc:subfield code="0">(DE-588)118563076</marc:subfield>
         <marc:subfield code="0">(DE-627)133457400</marc:subfield>
         <marc:subfield code="0">(DE-576)161734499</marc:subfield>
         <marc:subfield code="4">aut</marc:subfield>
      </marc:datafield>
      <marc:datafield tag="245" ind1="1" ind2="0">
         <marc:subfield code="a">Marioneta treatroari buruz</marc:subfield>
         <marc:subfield code="b"> = Über das Marionetten-Theater = Acerca del teatro de marionetas</marc:subfield>
         <marc:subfield code="c">Heinrich von Kleist. [G. Ramos Uranga, Testuak. K. M. de Barañano, Alemanerako itzulpena. Caroline Hilgers, euskarako itzulpena]</marc:subfield>
      </marc:datafield>
      <marc:datafield tag="246" ind1="3" ind2="1">
         <marc:subfield code="a">Über das Marionetten-Theater</marc:subfield>
      </marc:datafield>
      <marc:datafield tag="246" ind1="3" ind2="1">
         <marc:subfield code="a">Acerca del teatro de marionetas</marc:subfield>
      </marc:datafield>
      <marc:datafield tag="246" ind1="3" ind2="3">
         <marc:subfield code="a">Über das Marionetten-Theater</marc:subfield>
      </marc:datafield>
      <marc:datafield tag="264" ind1=" " ind2="1">
         <marc:subfield code="a">[Las Arenas]</marc:subfield>
         <marc:subfield code="b">Marrazarri</marc:subfield>
         <marc:subfield code="c">[1986]</marc:subfield>
      </marc:datafield>
      <marc:datafield tag="300" ind1=" " ind2=" ">
         <marc:subfield code="a">[11] Bl.</marc:subfield>
         <marc:subfield code="b">überwiegend Ill.</marc:subfield>
      </marc:datafield>
      <marc:datafield tag="336" ind1=" " ind2=" ">
         <marc:subfield code="a">Text</marc:subfield>
         <marc:subfield code="b">txt</marc:subfield>
         <marc:subfield code="2">rdacontent</marc:subfield>
      </marc:datafield>
      <marc:datafield tag="337" ind1=" " ind2=" ">
         <marc:subfield code="a">ohne Hilfsmittel zu benutzen</marc:subfield>
         <marc:subfield code="b">n</marc:subfield>
         <marc:subfield code="2">rdamedia</marc:subfield>
      </marc:datafield>
      <marc:datafield tag="338" ind1=" " ind2=" ">
         <marc:subfield code="a">Band</marc:subfield>
         <marc:subfield code="b">nc</marc:subfield>
         <marc:subfield code="2">rdacarrier</marc:subfield>
      </marc:datafield>
      <marc:datafield tag="500" ind1=" " ind2=" ">
         <marc:subfield code="a">Text bask., dt. und span</marc:subfield>
      </marc:datafield>
      <marc:datafield tag="583" ind1="1" ind2=" ">
         <marc:subfield code="a">Archivierung/Langzeitarchivierung geplant</marc:subfield>
         <marc:subfield code="c">20200919</marc:subfield>
         <marc:subfield code="f">DE-640</marc:subfield>
         <marc:subfield code="z">1</marc:subfield>
         <marc:subfield code="2">pdager</marc:subfield>
      </marc:datafield>
      <marc:datafield tag="591" ind1=" " ind2=" ">
         <marc:subfield code="a">IMD-Felder und 1131 maschinell ergänzt (SWB)</marc:subfield>
      </marc:datafield>
      <marc:datafield tag="689" ind1="0" ind2="0">
         <marc:subfield code="D">s</marc:subfield>
         <marc:subfield code="0">(DE-588)4019702-5</marc:subfield>
         <marc:subfield code="0">(DE-627)106320602</marc:subfield>
         <marc:subfield code="0">(DE-576)208930418</marc:subfield>
         <marc:subfield code="a">Gefühl</marc:subfield>
         <marc:subfield code="2">gnd</marc:subfield>
      </marc:datafield>
      <marc:datafield tag="689" ind1="0" ind2="1">
         <marc:subfield code="D">s</marc:subfield>
         <marc:subfield code="0">(DE-588)4006349-5</marc:subfield>
         <marc:subfield code="0">(DE-627)106377876</marc:subfield>
         <marc:subfield code="0">(DE-576)208865217</marc:subfield>
         <marc:subfield code="a">Bewusstsein</marc:subfield>
         <marc:subfield code="2">gnd</marc:subfield>
      </marc:datafield>
      <marc:datafield tag="689" ind1="0" ind2="2">
         <marc:subfield code="D">s</marc:subfield>
         <marc:subfield code="0">(DE-588)4000626-8</marc:subfield>
         <marc:subfield code="0">(DE-627)106400541</marc:subfield>
         <marc:subfield code="0">(DE-576)208838821</marc:subfield>
         <marc:subfield code="a">Ästhetik</marc:subfield>
         <marc:subfield code="2">gnd</marc:subfield>
      </marc:datafield>
      <marc:datafield tag="689" ind1="0" ind2=" ">
         <marc:subfield code="5">DE-101</marc:subfield>
      </marc:datafield>
      <marc:datafield tag="700" ind1="1" ind2=" ">
         <marc:subfield code="a">Barañano, Kosme de</marc:subfield>
         <marc:subfield code="d">1952-</marc:subfield>
         <marc:subfield code="e">Übers.</marc:subfield>
         <marc:subfield code="0">(DE-588)120712709</marc:subfield>
         <marc:subfield code="0">(DE-627)283763124</marc:subfield>
         <marc:subfield code="0">(DE-576)292352433</marc:subfield>
         <marc:subfield code="4">trl</marc:subfield>
      </marc:datafield>
      <marc:datafield tag="700" ind1="1" ind2=" ">
         <marc:subfield code="a">Ramos Uranga, Gabriel</marc:subfield>
         <marc:subfield code="e">Ill.</marc:subfield>
         <marc:subfield code="0">(DE-627)123439653X</marc:subfield>
         <marc:subfield code="0">(DE-576)164396535</marc:subfield>
         <marc:subfield code="4">ill</marc:subfield>
      </marc:datafield>
      <marc:datafield tag="700" ind1="1" ind2=" ">
         <marc:subfield code="a">Hilgers, Caroline</marc:subfield>
         <marc:subfield code="e">Übers.</marc:subfield>
         <marc:subfield code="4">trl</marc:subfield>
      </marc:datafield>
      <marc:datafield tag="850" ind1=" " ind2=" ">
         <marc:subfield code="a">ab</marc:subfield>
      </marc:datafield>
      <marc:datafield tag="936" ind1="r" ind2="v">
         <marc:subfield code="a">GK 5162</marc:subfield>
         <marc:subfield code="b">Einzelausgaben</marc:subfield>
         <marc:subfield code="k">Germanistik. Niederlandistik. Skandinavistik</marc:subfield>
         <marc:subfield code="k">Deutsche Literatur</marc:subfield>
         <marc:subfield code="k">Romantik</marc:subfield>
         <marc:subfield code="k">Literaturgeschichte</marc:subfield>
         <marc:subfield code="k">Einzelne Autoren der Goethezeit</marc:subfield>
         <marc:subfield code="k">Autoren K</marc:subfield>
         <marc:subfield code="k">Kleist, Heinrich von</marc:subfield>
         <marc:subfield code="k">Einzelausgaben</marc:subfield>
         <marc:subfield code="0">(DE-627)1270699466</marc:subfield>
         <marc:subfield code="0">(DE-625)rvk/41098:11808</marc:subfield>
         <marc:subfield code="0">(DE-576)200699466</marc:subfield>
      </marc:datafield>
      <marc:datafield tag="951" ind1=" " ind2=" ">
         <marc:subfield code="a">BO</marc:subfield>
      </marc:datafield>
   </marc:record>